<?xml version="1.0" encoding="UTF-8"?><collection xmlns="http://www.loc.gov/MARC21/slim"><record><leader>00401nam--2200157-i-4500</leader><controlfield tag="001">000027211</controlfield><controlfield tag="002">20161230</controlfield><controlfield tag="005">20170107004027</controlfield><controlfield tag="008">060222s1000------------r-----000-0-eng-d</controlfield><datafield ind1=" " ind2=" " tag="100"><subfield code="a">Kovacs, Francisc</subfield></datafield><datafield ind1=" " ind2=" " tag="245"><subfield code="a">Teoria mecanismelor si a masinilor</subfield></datafield><datafield ind1=" " ind2=" " tag="260"><subfield code="a">Bucuresti</subfield><subfield code="b">Ed.Didact.Si Pedagogica</subfield><subfield code="c">1972</subfield></datafield><datafield ind1=" " ind2=" " tag="300"><subfield code="a">656 p</subfield></datafield><datafield ind1=" " ind2=" " tag="700"><subfield code="a">Manolescu, N</subfield></datafield><datafield ind1=" " ind2=" " tag="852"><subfield code="a">41421</subfield></datafield><datafield ind1=" " ind2=" " tag="CAT"><subfield code="a">SYS</subfield><subfield code="c">20170107</subfield><subfield code="h">004027</subfield></datafield></record></collection>